<?xml version="1.0" encoding="UTF-8"?><collection><record><leader>06860ntm a2200589 a 4500</leader><controlfield tag="001">006804800</controlfield><controlfield tag="003">MiAaHDL</controlfield><controlfield tag="005">20190719000000.0</controlfield><controlfield tag="006">m        d        </controlfield><controlfield tag="007">cr bn ---auaua</controlfield><controlfield tag="008">090529s1567    sy            00| ||ara d</controlfield><datafield tag="035" ind1=" " ind2=" "><subfield code="a">(MiU)006804800</subfield></datafield><datafield tag="035" ind1=" " ind2=" "><subfield code="a">sdr-miu006804800</subfield></datafield><datafield tag="040" ind1=" " ind2=" "><subfield code="a">MiU</subfield><subfield code="c">MiU</subfield><subfield code="e">amremm</subfield></datafield><datafield tag="043" ind1=" " ind2=" "><subfield code="a">n-us-mi</subfield><subfield code="a">a-sy---</subfield></datafield><datafield tag="100" ind1="1" ind2=" "><subfield code="6">880-01</subfield><subfield code="a">Ibn al-ʻAynī, ʻAbd al-Raḥmān ibn Abī Bakr,</subfield><subfield code="d">1433 or 1434-1487 or 1488.</subfield></datafield><datafield tag="245" ind1="1" ind2="0"><subfield code="6">880-03</subfield><subfield code="a">Kitāb Sharḥ al-Manār fī al-uṣūl,</subfield><subfield code="f">[974, i.e. 1567].</subfield></datafield><datafield tag="246" ind1="3" ind2=" "><subfield code="i">Edge title (tail):</subfield><subfield code="a">هذا كتاب شرح المنار</subfield></datafield><datafield tag="260" ind1=" " ind2=" "><subfield code="a">[Homs,</subfield><subfield code="c">1567].</subfield></datafield><datafield tag="300" ind1=" " ind2=" "><subfield code="a">87 leaves :</subfield><subfield code="b">paper ;</subfield><subfield code="c">210 x 147 (151 x 79) mm.</subfield></datafield><datafield tag="500" ind1=" " ind2=" "><subfield code="a">Shelfmark: Ann Arbor, University of Michigan, Special Collections Library, Isl. Ms. 545</subfield></datafield><datafield tag="500" ind1=" " ind2=" "><subfield code="a">Origin: As appears in colophon on p.173, copied by Muṣṭafá ibn Khalīl with transcription completed 13 Ramaḍān 974 [ca. 24 March 1567] in Ḥimṣ (Homs or Emesa).</subfield></datafield><datafield tag="500" ind1=" " ind2=" "><subfield code="a">Accompanying materials: a. Inventory cataloguing slip in hand of Winifred Smeaton Thomas (pp.1-2) -- b. Acquisitions slip from Yahuda (pp.3-4).</subfield></datafield><datafield tag="500" ind1=" " ind2=" "><subfield code="a">Former shelfmark: From interior of upper cover and spine label "IL 219" (likely supplied by Yahuda, see acquisitions slip).</subfield></datafield><datafield tag="500" ind1=" " ind2=" "><subfield code="a">Binding: Pasteboards covered in a once light-blue tinted laid paper (see envelope flap) with red-brown leather over spine, fore edge flap, and edges/turn-ins (framed binding) ; Type II binding (with flap) ; board linings (doublures) in yellow-tinted laid paper with simple symmetrical cross cut-out design over blue paper, hinges in dark brown to black leather ; upper and lower covers carry simple cut-out design over dark yellow or tan paper in a symmetrical floral ornament ; design continues on flap ; sewn in dark blue thread, two stations ; endbands gone ; overall in poor condition with significant abrasion (losses of pigment), lifting and losses of paper and leather, delamination of boards, staining, some spine slant (spine slightly cocked), etc.</subfield></datafield><datafield tag="500" ind1=" " ind2=" "><subfield code="a">Support: European laid paper with 8-9 laid lines per cm. (vertical), single chain lines spaced 27-30 mm. apart (horizontal), anchor in circle watermark with six-pointed star above (roughly 65 mm. tall, see p.6, 39, etc.) ; countermarks include "S R" with trefoil above (see p.8, 15, etc.) and "P B" with trefoil above (see p.35, possibly different paper though measurements very similar) ; sized and burnished though not excessively smooth, sturdy and thick though crisp, dingy cream color.</subfield></datafield><datafield tag="500" ind1=" " ind2=" "><subfield code="a">Decoration: Keywords and text being commented upon rubricated (text otherwise executed in brown ink) ; textual dividers in the form of red inverted commas.</subfield></datafield><datafield tag="500" ind1=" " ind2=" "><subfield code="a">Script: Naskh ; bold, compact (letters spaced very close together) Syrian hand in a medium line ; virtually serifless (though occasional right-sloping head-serifs irregularly appear) with slight effect of tilt to the right, exaggerated thickness and some elongation of horizontal strokes, descenders somewhat flattened, mainly closed counters, pointing in strokes rather than distinct dots, free assimilation of letters (especially wāw with following lām, etc.), final nūn of من reversed (re-curved), yāʼ of في often mardūdah, sweeping shaqq on kāf (even final), occasional hāʼ looking like two inverted commas one atop the other.</subfield></datafield><datafield tag="500" ind1=" " ind2=" "><subfield code="a">Layout: Written in 20 lines per page ; frame-ruled.</subfield></datafield><datafield tag="500" ind1=" " ind2=" "><subfield code="a">Collation : V (10), V+1 (21), 6 V(81), III (87) ; chiefly quinions ; catchwords present ; pagination in pencil, Western numerals, supplied during digitization (includes inserts and mistakenly skips over two pages between pp.99-100).</subfield></datafield><datafield tag="500" ind1=" " ind2=" "><subfield code="a">Colophon: "Scribal," triangular, reads "تم الكتاب بعون الملك الوهاب وهو حسبي واليه المآب على يد اضعف العباد الراجي رحمة ربه الجليل مصطفى بن خليل في نهار الاثنين المبارك يوم ثالث عشر من رمضان المبارك من شهور سنة ۹۷۴ في مدينة حمص حرصها الله تعالى من الخلافة والمحنة ... والحمد لله رب العالمين"</subfield></datafield><datafield tag="500" ind1=" " ind2=" "><subfield code="a">Explicit: "اذا صبر في هذين القسمين حتى قتل صار شهيدا لانه يكون بادلا نفسه لاعزاز الدين واقامة حق الشرع"</subfield></datafield><datafield tag="500" ind1=" " ind2=" "><subfield code="a">Incipit: "الحمد لله الذي جعل الاصول شرعه منارا اي منار وافاض على من اختار [اختاره] انوار كشف الاسرار ... وبعد فيقول الفقير الى الله الغني عبد الرحمن بن ابي بكر بن العيني ... لما رأيت المختصر المسمى بالمنار في اصول الفقه للامام العلامة حافظ الملة والدين ابي البركات النسفي ... كتابا لم ير مثله في الاصول وما كتب عليه من الشروح ... اردت ان الخص عليه شرحا سالكا طريق الاختصار ..."</subfield></datafield><datafield tag="500" ind1=" " ind2=" "><subfield code="a">Title from inscription on 'title page' (p.5).</subfield></datafield><datafield tag="500" ind1=" " ind2=" "><subfield code="a">Ms. codex.</subfield></datafield><datafield tag="510" ind1="4" ind2=" "><subfield code="a">Ḥājjī Khalīfah. Kashf al-ẓunūn,</subfield><subfield code="c">vi 123-4</subfield></datafield><datafield tag="510" ind1="4" ind2=" "><subfield code="a">Brockelmann, C. GAL,</subfield><subfield code="c">II 196 (I. Cmtre 6)</subfield></datafield><datafield tag="520" ind1="8" ind2=" "><subfield code="a">Fine copy of the commentary upon al-Manār fī uṣūl al-fiqh (Manār al-anwār), a concise account of the foundations of law by Abū al-Barakāt ʻAbd Allāh ibn Aḥmad al-Nasafī (d.1310).</subfield></datafield><datafield tag="538" ind1=" " ind2=" "><subfield code="a">Mode of access: Internet.</subfield></datafield><datafield tag="541" ind1=" " ind2=" "><subfield code="a">Acquired in 1926 from the bookseller Isaac Benjamin S.E. Yahuda via purchase transacted on his behalf by his younger brother, the famous Orientalist and manuscript collector Abraham Shalom Yahuda (1877-1951).</subfield></datafield><datafield tag="546" ind1=" " ind2=" "><subfield code="a">Arabic.</subfield></datafield><datafield tag="561" ind1=" " ind2=" "><subfield code="a">Partially effaced inventory marks on upper board lining (stand out as white with loss of yellow pigment) ; basmalah in red ink on lower cover (oriented upside down) ; few effaced former owners' marks on 'title page' (p.5) ; occasional marginal glosses as well as marginal and interlinear corrections.</subfield></datafield><datafield tag="600" ind1="1" ind2="0"><subfield code="a">Nasafī, ʻAbd Allāh ibn Aḥmad,</subfield><subfield code="d">-1310.</subfield><subfield code="t">Manār al-anwār fī al-uṣūl.</subfield></datafield><datafield tag="650" ind1=" " ind2="0"><subfield code="a">Manuscripts, Arabic</subfield><subfield code="z">Michigan</subfield><subfield code="z">Ann Arbor.</subfield></datafield><datafield tag="650" ind1=" " ind2="0"><subfield code="a">Hanafites</subfield><subfield code="v">Early works to 1800.</subfield></datafield><datafield tag="650" ind1=" " ind2="0"><subfield code="a">Islamic law</subfield><subfield code="x">Interpretation and construction</subfield><subfield code="v">Early works to 1800.</subfield></datafield><datafield tag="700" ind1="0" ind2=" "><subfield code="6">880-05</subfield><subfield code="a">Muṣṭafá ibn Khalīl,</subfield><subfield code="d">fl. 1567,</subfield><subfield code="e">scribe.</subfield></datafield><datafield tag="752" ind1=" " ind2=" "><subfield code="a">Syria</subfield><subfield code="d">Ḥimṣ</subfield></datafield><datafield tag="773" ind1="0" ind2=" "><subfield code="a">Yahuda Collection.</subfield></datafield><datafield tag="880" ind1="0" ind2=" "><subfield code="6">700-05/</subfield><subfield code="a">مصطفى بن خليل,</subfield><subfield code="e">ناسخ.</subfield></datafield><datafield tag="880" ind1="1" ind2="0"><subfield code="6">245-03/</subfield><subfield code="a">كتاب شرح المنار في الاصول,</subfield><subfield code="f">[974ه، 1567م].</subfield></datafield><datafield tag="880" ind1="1" ind2=" "><subfield code="6">100-01/</subfield><subfield code="a">ابن العيني، عبد الرحمن بن ابي بكر.</subfield></datafield><datafield tag="CID" ind1=" " ind2=" "><subfield code="a">006804800</subfield></datafield><datafield tag="DAT" ind1="0" ind2=" "><subfield code="a">20190719102636.0</subfield><subfield code="b">20190719000000.0</subfield></datafield><datafield tag="DAT" ind1="1" ind2=" "><subfield code="a">20190719090653.0</subfield><subfield code="b">2019-07-19T16:11:39Z</subfield></datafield><datafield tag="DAT" ind1="2" ind2=" "><subfield code="a">2015-10-02T18:00:03Z</subfield></datafield><datafield tag="CAT" ind1=" " ind2=" "><subfield code="a">SDR-MIU</subfield><subfield code="d">EX LIBRIS - ALEPH</subfield><subfield code="l">prepare.pl-004-008</subfield></datafield><datafield tag="FMT" ind1=" " ind2=" "><subfield code="a">BK</subfield></datafield><datafield tag="HOL" ind1=" " ind2=" "><subfield code="0">sdr-miu006804800</subfield><subfield code="a">MiU</subfield><subfield code="b">SDR</subfield><subfield code="c">MIU</subfield><subfield code="p">mdp.39015079126903</subfield><subfield code="s">MIU</subfield><subfield code="1">006804800</subfield></datafield><datafield tag="974" ind1=" " ind2=" "><subfield code="b">MIU</subfield><subfield code="c">MIU</subfield><subfield code="d">20190719</subfield><subfield code="s">lit-dlps-dc</subfield><subfield code="u">mdp.39015079126903</subfield><subfield code="y">1567</subfield><subfield code="r">pd</subfield><subfield code="q">bib</subfield><subfield code="t">non-US bib date1 &lt; 1879</subfield></datafield></record></collection>